%%
%% WinShell 3.3.2.6
%% http://www.winshell.org/
%%

% Strings


% Preamble


% BibTeX Entries
@book{wegener,
 author               = {Ingo Wegener},
 date                 = {2005},
 edition              = {Dritte Auflage},
 publisher            = {Teubner},
 title                = {Theoretische Informatik},
 subtitle			  = {eine algorithmenorientierte Einführung},
 isbn				  = {3-8351-0033-5}
 }
 
@book{schoening,
 author               = {Uwe Schöning},
 date                 = {2008},
 edition              = {Fünfte Auflage},
 publisher            = {Spektrum Akademischer Verlag},
 title                = {Theoretische Informatik},
 subtitle			  = {kurz gefasst},
 isbn				  = {978-3827418241},
 location			  = {Heidelberg}
 }
